<record><leader>00000cas a22000007a 4500</leader><controlfield tag="001">70551552</controlfield><controlfield tag="008">060717c20039999nyuwr p       0   a0eng c</controlfield><datafield ind1=" " ind2=" " tag="010"><subfield code="a">  2006234655</subfield></datafield><datafield ind1=" " ind2=" " tag="040"><subfield code="a">HLS</subfield><subfield code="b">eng</subfield><subfield code="c">HLS</subfield><subfield code="d">HLS</subfield><subfield code="d">OCLCQ</subfield><subfield code="d">DLC</subfield><subfield code="d">J9U</subfield><subfield code="d">DLC</subfield><subfield code="d">OCLCQ</subfield><subfield code="d">OCLCF</subfield><subfield code="d">OCLCO</subfield></datafield><datafield ind1=" " ind2=" " tag="012"><subfield code="l">1</subfield></datafield><datafield ind1="7" ind2=" " tag="016"><subfield code="a">002611447</subfield><subfield code="2">IsJJNL</subfield></datafield><datafield ind1=" " ind2=" " tag="019"><subfield code="a">243591468</subfield></datafield><datafield ind1="0" ind2=" " tag="022"><subfield code="a">2155-434X</subfield><subfield code="2">1</subfield></datafield><datafield ind1="1" ind2=" " tag="029"><subfield code="a">AU@</subfield><subfield code="b">000040498254</subfield></datafield><datafield ind1=" " ind2=" " tag="037"><subfield code="b">David Ben Hooren, 2154 E. 4th St., Brooklyn, NY 11233</subfield></datafield><datafield ind1=" " ind2=" " tag="042"><subfield code="a">pcc</subfield><subfield code="a">nsdp</subfield></datafield><datafield ind1=" " ind2=" " tag="043"><subfield code="a">n-us-ny</subfield></datafield><datafield ind1="1" ind2="0" tag="050"><subfield code="a">ISSN RECORD</subfield></datafield><datafield ind1="1" ind2="0" tag="082"><subfield code="a">305</subfield><subfield code="2">14</subfield></datafield><datafield ind1="0" ind2=" " tag="130"><subfield code="a">Jewish voice (Brooklyn, New York, N.Y.)</subfield></datafield><datafield ind1=" " ind2="4" tag="222"><subfield code="a">The Jewish voice</subfield><subfield code="b">(Brooklyn, New York, N.Y.)</subfield></datafield><datafield ind1="1" ind2="4" tag="245"><subfield code="a">The Jewish voice.</subfield></datafield><datafield ind1="3" ind2=" " tag="246"><subfield code="a">Jewish voice: may the earth hear the words of my mouth</subfield><subfield code="f">&lt;Mar. 12, 2010-&gt;</subfield></datafield><datafield ind1=" " ind2=" " tag="260"><subfield code="a">Brooklyn, NY :</subfield><subfield code="b">Jewish Voice</subfield></datafield><datafield ind1=" " ind2=" " tag="310"><subfield code="a">Weekly</subfield></datafield><datafield ind1="1" ind2=" " tag="362"><subfield code="a">Began with 2003?</subfield></datafield><datafield ind1=" " ind2=" " tag="515"><subfield code="a">Issues also carry dates from the Jewish calendar.</subfield></datafield><datafield ind1=" " ind2=" " tag="588"><subfield code="a">Description based on: Vol. 3, issue 7 (Mar. 15, 2006); title from caption.</subfield></datafield><datafield ind1=" " ind2=" " tag="588"><subfield code="a">Latest issue consulted: Vol. 11, issue 11 (Mar. 12, 2010).</subfield></datafield><datafield ind1=" " ind2="0" tag="650"><subfield code="a">Jews</subfield><subfield code="z">New York (State)</subfield><subfield code="z">New York</subfield><subfield code="v">Periodicals.</subfield></datafield><datafield ind1=" " ind2="7" tag="655"><subfield code="a">Periodicals.</subfield><subfield code="2">fast</subfield><subfield code="0">(OCoLC)fst01411641</subfield></datafield><datafield ind1=" " ind2="7" tag="650"><subfield code="a">Jews.</subfield><subfield code="2">fast</subfield><subfield code="0">(OCoLC)fst00983135</subfield></datafield><datafield ind1=" " ind2="7" tag="651"><subfield code="a">New York (State)</subfield><subfield code="z">New York.</subfield><subfield code="2">fast</subfield><subfield code="0">(OCoLC)fst01204333</subfield></datafield></record>